<record><leader>00000cas a22000007a 4500</leader><controlfield tag="001">28436851</controlfield><controlfield tag="008">930712d18971897scuwr ne      0    0eng d</controlfield><datafield ind1=" " ind2=" " tag="010"><subfield code="a">sn 93067844 </subfield></datafield><datafield ind1=" " ind2=" " tag="040"><subfield code="a">SVN</subfield><subfield code="b">eng</subfield><subfield code="c">SVN</subfield><subfield code="d">OCLCQ</subfield></datafield><datafield ind1=" " ind2=" " tag="042"><subfield code="a">msc</subfield></datafield><datafield ind1="0" ind2=" " tag="130"><subfield code="a">Weekly sun (Rock Hill, S.C.)</subfield></datafield><datafield ind1="1" ind2="4" tag="245"><subfield code="a">The weekly sun.</subfield></datafield><datafield ind1=" " ind2=" " tag="260"><subfield code="a">Rock Hill, S.C. :</subfield><subfield code="b">Rock Hill Print. Co.</subfield></datafield><datafield ind1=" " ind2=" " tag="300"><subfield code="a">v.</subfield></datafield><datafield ind1=" " ind2=" " tag="310"><subfield code="a">Weekly</subfield></datafield><datafield ind1="0" ind2=" " tag="362"><subfield code="a">Vol. 1, no. 1 (Jan. 1, 1897) - v. 1, no. 4 (Jan. 29, 1897).</subfield></datafield><datafield ind1=" " ind2="4" tag="651"><subfield code="a">York County (S.C.)</subfield><subfield code="v">Newspapers.</subfield></datafield><datafield ind1=" " ind2=" " tag="752"><subfield code="a">United States</subfield><subfield code="b">South Carolina</subfield><subfield code="c">York</subfield><subfield code="d">Rock Hill.</subfield></datafield><datafield ind1="0" ind2="0" tag="785"><subfield code="t">Catawba index</subfield><subfield code="w">(DLC)sn 93067944</subfield></datafield><datafield ind1="1" ind2=" " tag="029"><subfield code="a">AU@</subfield><subfield code="b">000025893850</subfield></datafield></record>